
% Average-CAse analysis
@inproceedings{kurokawa2016can,
  title     = {When can the maximin share guarantee be guaranteed?},
  author    = {Kurokawa, David and Procaccia, Ariel and Wang, Junxing},
  booktitle = {Proceedings of the AAAI Conference on Artificial Intelligence},
  volume    = {30},
  number    = {1},
  year      = {2016}
}

%%Price of fairness:


%Sqrt(n) for EF1 subadditive and 1/2 mms additive
@inproceedings{barman2020optimal,
  title        = {Optimal bounds on the price of fairness for indivisible goods},
  author       = {Barman, Siddharth and Bhaskar, Umang and Shah, Nisarg},
  booktitle    = {International Conference on Web and Internet Economics},
  pages        = {356--369},
  year         = {2020},
  organization = {Springer}
}

% Random bounds for lots of things
@article{bei2019price,
  title   = {The price of fairness for indivisible goods},
  author  = {Bei, Xiaohui and Lu, Xinhang and Manurangsi, Pasin and Suksompong, Warut},
  journal = {arXiv preprint arXiv:1905.04910},
  year    = {2019}
}

% ILP M < N Price of fairness 
@incollection{kurz2016price,
  title     = {The price of fairness for a small number of indivisible items},
  author    = {Kurz, Sascha},
  booktitle = {Operations Research Proceedings 2014},
  pages     = {335--340},
  year      = {2016},
  publisher = {Springer}
}

% Agents agreeing on goods (high competition) is worst case
@article{bouveret2016efficiency,
  title   = {Efficiency and sequenceability in fair division of indivisible goods with additive preferences},
  author  = {Bouveret, Sylvain and Lema{\^\i}tre, Michel},
  journal = {arXiv preprint arXiv:1604.01734},
  year    = {2016}
}

% Really useful for MMMS 
@inproceedings{garg2020improved,
  title     = {An improved approximation algorithm for maximin shares},
  author    = {Garg, Jugal and Taki, Setareh},
  booktitle = {Proceedings of the 21st ACM Conference on Economics and Computation},
  pages     = {379--380},
  year      = {2020}
}

%Envy graph algorithm
@inproceedings{lipton2004approximately,
  title     = {On approximately fair allocations of indivisible goods},
  author    = {Lipton, Richard J and Markakis, Evangelos and Mossel, Elchanan and Saberi, Amin},
  booktitle = {Proceedings of the 5th ACM Conference on Electronic Commerce},
  pages     = {125--131},
  year      = {2004}
}

%Competitive equilibrium, generic budgets
@article{babaioff2019competitive,
  title   = {Competitive equilibrium with generic budgets: Beyond additive},
  author  = {Babaioff, Moshe and Nisan, Noam and Talgam-Cohen, Inbal},
  journal = {arXiv preprint arXiv:1911.09992},
  year    = {2019}
}
%CE Fisher markets
@inproceedings{adsul2010simplex,
  title        = {A simplex-like algorithm for Fisher markets},
  author       = {Adsul, Bharat and Babu, Ch Sobhan and Garg, Jugal and Mehta, Ruta and Sohoni, Milind},
  booktitle    = {International Symposium on Algorithmic Game Theory},
  pages        = {18--29},
  year         = {2010},
  organization = {Springer}
}

%ACEEI !!
@article{budish2011combinatorial,
  title     = {The combinatorial assignment problem: Approximate competitive equilibrium from equal incomes},
  author    = {Budish, Eric},
  journal   = {Journal of Political Economy},
  volume    = {119},
  number    = {6},
  pages     = {1061--1103},
  year      = {2011},
  publisher = {University of Chicago Press Chicago, IL}
}
%Walras Equilibrium
@techreport{gul2019market,
  title       = {Market design and Walrasian equilibrium},
  author      = {Gul, Faruk and Pesendorfer, Wolfgang and Zhang, Mu},
  year        = {2019},
  institution = {Working Paper}
}